@book{scholkopf2001learning,
  title={Learning with kernels: support vector machines, regularization, optimization, and beyond},
  author={Scholkopf, Bernhard and Smola, Alexander J},
  year={2001},
  publisher={MIT press}
}

@article{aronszajn1950theory,
  title={Theory of reproducing kernels},
  author={Aronszajn, Nachman},
  journal={Transactions of the American mathematical society},
  pages={337--404},
  year={1950},
  publisher={JSTOR}
}

@book{kreyszig1989introductory,
  title={Introductory functional analysis with applications},
  author={Kreyszig, Erwin},
  volume={81},
  year={1989},
  publisher={wiley New York}
}

@book{reed1980methods,
  title={Methods of modern mathematical physics: Functional analysis},
  author={Reed, Michael and Simon, Barry},
  volume={1},
  year={1980},
  publisher={Gulf Professional Publishing}
}

@book{munkres2000topology,
  title={Topology, 2nd},
  author={Munkres, James R},
  year={2000},
  publisher={Prentice Hall}
}

@book{conway2019course,
  title={A course in functional analysis},
  author={Conway, John B},
  volume={96},
  year={2019},
  publisher={Springer}
}


@article{hofmann2008kernel,
  title={Kernel methods in machine learning},
  author={Hofmann, Thomas and Sch{\"o}lkopf, Bernhard and Smola, Alexander J},
  journal={The annals of statistics},
  pages={1171--1220},
  year={2008},
  publisher={JSTOR}
}

@article{ramm1998theory,
  title={On the theory of reproducing kernel Hilbert spaces},
  author={Ramm, AG},
  journal={Journal of Inverse and Ill posed problems},
  volume={6},
  pages={515--520},
  year={1998},
  publisher={VSP}
}



@book{rasmussen2006gaussian,
 author = {Rasmussen, Carl Edward and Williams, Christopher K. I.},
 title = {Gaussian Processes for Machine Learning (Adaptive Computation and Machine Learning)},
 year = {2005},
 isbn = {026218253X},
 publisher = {The MIT Press},
}


@book{grafakos2008classical,
  title={Classical fourier analysis},
  author={Grafakos, Loukas},
  volume={2},
  year={2008},
  publisher={Springer}
}

@book{folland2013real,
  title={Real analysis: modern techniques and their applications},
  author={Folland, Gerald B},
  year={2013},
  publisher={John Wiley \& Sons}
}