@book{hastie2009elements,
  title={The elements of statistical learning: data mining, inference, and prediction},
  author={Hastie, Trevor and Tibshirani, Robert and Friedman, Jerome H and Friedman, Jerome H},
  volume={2},
  year={2009},
  publisher={Springer}
}

@book{koller2009probabilistic,
  title={Probabilistic graphical models: principles and techniques},
  author={Koller, Daphne and Friedman, Nir},
  year={2009},
  publisher={MIT press}
}

@article{sucar2015probabilistic,
  title={Probabilistic graphical models},
  author={Sucar, Luis Enrique},
  journal={Advances in Computer Vision and Pattern Recognition. London: Springer London. doi},
  volume={10},
  number={978},
  pages={1},
  year={2015},
  publisher={Springer}
}

@article{jordan2003introduction,
  title={An Introduction to Probabilistic Graphical Models},
  author={Jordan, Michael I},
  journal={University of California, Berkeley},
  year={2003}
}

@book{wainwright2019high,
  title={High-dimensional statistics: A non-asymptotic viewpoint},
  author={Wainwright, Martin J},
  volume={48},
  year={2019},
  publisher={Cambridge University Press}
}

@book{robert1999monte,
  title={Monte Carlo statistical methods},
  author={Robert, Christian P and Casella, George},
  volume={2},
  year={1999},
  publisher={Springer}
}

@article{shapiro2003monte,
  title={Monte Carlo sampling methods},
  author={Shapiro, Alexander},
  journal={Handbooks in operations research and management science},
  volume={10},
  pages={353--425},
  year={2003},
  publisher={Elsevier}
}

@book{liu2001monte,
  title={Monte Carlo strategies in scientific computing},
  author={Liu, Jun S},
  volume={10},
  year={2001},
  publisher={Springer}
}
%======================================================
@article{jordan2004graphical,
  title={Graphical models},
  author={Jordan, Michael I},
  journal={Statistical science},
  volume={19},
  number={1},
  pages={140--155},
  year={2004},
  publisher={Institute of Mathematical Statistics}
}

@article{wainwright2008graphical,
  title={Graphical models, exponential families, and variational inference},
  author={Wainwright, Martin J and Jordan, Michael I and others},
  journal={Foundations and Trends{\textregistered} in Machine Learning},
  volume={1},
  number={1--2},
  pages={1--305},
  year={2008},
  publisher={Now Publishers, Inc.}
}

@article{krivitsky2012exponential,
  title={Exponential-family random graph models for valued networks},
  author={Krivitsky, Pavel N},
  journal={Electronic journal of statistics},
  volume={6},
  pages={1100},
  year={2012},
  publisher={NIH Public Access}
}

@book{newman2018networks,
  title={Networks},
  author={Newman, Mark},
  year={2018},
  publisher={Oxford university press}
}

@book{jackson2010social,
  title={Social and economic networks},
  author={Jackson, Matthew O},
  year={2010},
  publisher={Princeton university press}
}

@article{goldenberg2010survey,
  title={A survey of statistical network models},
  author={Goldenberg, Anna and Zheng, Alice X and Fienberg, Stephen E and Airoldi, Edoardo M and others},
  journal={Foundations and Trends{\textregistered} in Machine Learning},
  volume={2},
  number={2},
  pages={129--233},
  year={2010},
  publisher={Now Publishers, Inc.}
}

@article{ortega2018graph,
  title={Graph signal processing: Overview, challenges, and applications},
  author={Ortega, Antonio and Frossard, Pascal and Kova{\v{c}}evi{\'c}, Jelena and Moura, Jos{\'e} MF and Vandergheynst, Pierre},
  journal={Proceedings of the IEEE},
  volume={106},
  number={5},
  pages={808--828},
  year={2018},
  publisher={IEEE}
}

@book{goodfellow2016deep,
  title={Deep learning},
  author={Goodfellow, Ian and Bengio, Yoshua and Courville, Aaron},
  year={2016},
  publisher={MIT press}
}

@article{bengio2009learning,
  title={Learning deep architectures for AI},
  author={Bengio, Yoshua and others},
  journal={Foundations and trends{\textregistered} in Machine Learning},
  volume={2},
  number={1},
  pages={1--127},
  year={2009},
  publisher={Now Publishers, Inc.}
}

@article{sutton2012introduction,
  title={An introduction to conditional random fields},
  author={Sutton, Charles and McCallum, Andrew and others},
  journal={Foundations and Trends{\textregistered} in Machine Learning},
  volume={4},
  number={4},
  pages={267--373},
  year={2012},
  publisher={Now Publishers, Inc.}
}

@article{kingma2019introduction,
  title={An introduction to variational autoencoders},
  author={Kingma, Diederik P and Welling, Max and others},
  journal={Foundations and Trends{\textregistered} in Machine Learning},
  volume={12},
  number={4},
  pages={307--392},
  year={2019},
  publisher={Now Publishers, Inc.}
}


@article{bertele1973non,
  title={On non-serial dynamic programming},
  author={Bertele, Umberto and Brioschi, Francesco},
  journal={J. Comb. Theory, Ser. A},
  volume={14},
  number={2},
  pages={137--148},
  year={1973}
}

@book{bertsekas2012dynamic,
  title={Dynamic programming and optimal control: Volume I},
  author={Bertsekas, Dimitri},
  volume={1},
  year={2012},
  publisher={Athena scientific}
}

@book{golub2013matrix,
  title={Matrix computations},
  author={Golub, Gene H and Van Loan, Charles F},
  year={2013},
  publisher={JHU press}
}

@article{minka2013expectation,
  title={Expectation Propagation for approximate Bayesian inference},
  author={Minka, Thomas P},
  journal={arXiv e-prints},
  pages={arXiv--1301},
  year={2013}
}

@techreport{seeger2005expectation,
  title={Expectation propagation for exponential families},
  author={Seeger, Matthias},
  year={2005}
}