@book{boucheron2013concentration,
  title={Concentration inequalities: A nonasymptotic theory of independence},
  author={Boucheron, St{\'e}phane and Lugosi, G{\'a}bor and Massart, Pascal},
  year={2013},
  publisher={Oxford university press}
}

@book{wainwright2019high,
  title={High-dimensional statistics: A non-asymptotic viewpoint},
  author={Wainwright, Martin J},
  volume={48},
  year={2019},
  publisher={Cambridge University Press}
}

@book{gine2021mathematical,
  title={Mathematical foundations of infinite-dimensional statistical models},
  author={Gin{\'e}, Evarist and Nickl, Richard},
  year={2021},
  publisher={Cambridge university press}
}

@book{van2000asymptotic,
  title={Asymptotic statistics},
  author={Van der Vaart, Aad W},
  volume={3},
  year={2000},
  publisher={Cambridge university press}
}


@book{wellner2013weak,
  title={Weak convergence and empirical processes: with applications to statistics},
  author={Wellner, Jon and others},
  year={2013},
  publisher={Springer Science \& Business Media}
}

@book{vershynin2018high,
  title={High-dimensional probability: An introduction with applications in data science},
  author={Vershynin, Roman},
  volume={47},
  year={2018},
  publisher={Cambridge university press}
}

@book{resnick2013probability,
  title={A probability path},
  author={Resnick, Sidney I},
  year={2013},
  publisher={Springer Science \& Business Media}
}

@book{billingsley2008probability,
  title={Probability and measure},
  author={Billingsley, Patrick},
  year={2008},
  publisher={John Wiley \& Sons}
}

@book{thomas2006elements,
  title     = {Elements of information theory {(2.} ed.)},
  author={Thomas M. Cover and
               Joy A. Thomas},
  publisher = {Wiley},
  year      = {2006},
  isbn      = {978-0-471-24195-9}
}

@book{evans2010partial,
  title={Partial differential equations},
  author={Evans, Lawrence C},
  volume={19},
  year={2010},
  publisher={American Mathematical Soc.}
}

@article{gabriel2019computational,
title = {Computational Optimal Transport: With Applications to Data Science},
author = {Gabriel Peyré and Marco Cuturi},
journal = {Foundations and Trends® in Machine Learning},
volume = {11},
number = {5-6},
pages = {355-607},
year = {2019},
issn = {1935-8237}
}

@article{torres2021survey,
  title={A survey on optimal transport for machine learning: Theory and applications},
  author={Torres, Luis Caicedo and Pereira, Luiz Manella and Amini, M Hadi},
  journal={arXiv preprint arXiv:2106.01963},
  year={2021}
}




@book{villani2009optimal,
  title={Optimal transport: old and new},
  author={Villani, C{\'e}dric},
  volume={338},
  year={2009},
  publisher={Springer}
}

@book{santambrogio2015optimal,
  title={Optimal transport for applied mathematicians},
  author={Santambrogio, Filippo},
  journal={Birk{\"a}user, NY},
  volume={55},
  number={58-63},
  pages={94},
  year={2015},
  publisher={Springer}
}
