@book{murray1993differential,
  title={Differential geometry and statistics},
  author={Murray, Michael K and Rice, John W},
  volume={48},
  year={1993},
  publisher={CRC Press}
}

@book{munkres2000topology,
  title={Topology, 2nd},
  author={Munkres, James R},
  year={2000},
  publisher={Prentice Hall}
}

@book{guillemin2010differential,
  title={Differential topology},
  author={Guillemin, Victor and Pollack, Alan},
  volume={370},
  year={2010},
  publisher={American Mathematical Soc.}
}

@book{lee2003introduction,
   title = {Introduction to smooth manifolds},
   author = {Lee, John Marshall},
   series = {Graduate texts in mathematics},
   publisher = {Springer},
   address = {New York, Berlin, Heidelberg},
   isbn = {0-387-95448-1},
   year = {2003.}
}


@article{edelman1998geometry,
  title={The geometry of algorithms with orthogonality constraints},
  author={Edelman, Alan and Arias, Tom{\'a}s A and Smith, Steven T},
  journal={SIAM journal on Matrix Analysis and Applications},
  volume={20},
  number={2},
  pages={303--353},
  year={1998},
  publisher={SIAM}
}

@book{armstrong1983basictopology, 
 title={Basic topology}, 
 author={Armstrong, M. A.}, 
 volume={Undergraduate texts in mathematics}, 
 year={1983},
 publisher={Springer}
}

@book{do1976differential,
  title={Differential geometry of curves and surfaces},
  author={do Carmo Valero, Manfredo Perdigao},
  volume={2},
  year={1976},
  publisher={Prentice-hall Englewood Cliffs}
}

@book{amari2007methods,
  title={Methods of information geometry},
  author={Amari, Shun-ichi and Nagaoka, Hiroshi},
  volume={191},
  year={2007},
  publisher={American Mathematical Soc.}
}

@book{o2006elementary,
  title={Elementary differential geometry},
  author={O'neill, Barrett},
  year={2006},
  publisher={Academic press}
}


@book{kobayashi1963foundations,
  title={Foundations of differential geometry},
  author={Kobayashi, Shoshichi and Nomizu, Katsumi},
  volume={1},
  number={2},
  year={1963},
  publisher={New York}
}


@book{do1992riemannian,
  title={Riemannian geometry},
  author={do Carmo Valero, Manfredo Perdigao},
  year={1992},
  publisher={Birkh{\"a}user}
}

%======================================================
@book{hastie2009elements,
  title={The elements of statistical learning: data mining, inference, and prediction},
  author={Hastie, Trevor and Tibshirani, Robert and Friedman, Jerome H and Friedman, Jerome H},
  volume={2},
  year={2009},
  publisher={Springer}
}

@inproceedings{chen2016xgboost,
  title={Xgboost: A scalable tree boosting system},
  author={Chen, Tianqi and Guestrin, Carlos},
  booktitle={Proceedings of the 22nd acm sigkdd international conference on knowledge discovery and data mining},
  pages={785--794},
  year={2016}
}

@article{jurafsky2014speech,
  title={Speech and language processing. Vol. 3},
  author={Jurafsky, Dan and Martin, James H},
  journal={US: Prentice Hall},
  year={2014}
}

@inproceedings{gaddy2018s,
  title={Whatâ€™s Going On in Neural Constituency Parsers? An Analysis},
  author={Gaddy, David and Stern, Mitchell and Klein, Dan},
  booktitle={Proceedings of the 2018 Conference of the North American Chapter of the Association for Computational Linguistics: Human Language Technologies, Volume 1 (Long Papers)},
  pages={999--1010},
  year={2018}
}

@inproceedings{kitaev2018constituency,
  title={Constituency Parsing with a Self-Attentive Encoder},
  author={Kitaev, Nikita and Klein, Dan},
  booktitle={Proceedings of the 56th Annual Meeting of the Association for Computational Linguistics (Volume 1: Long Papers)},
  pages={2676--2686},
  year={2018}
}

@article{skiena2020algorithm,
  title={The Algorithm Design Manual (Texts in Computer Science)},
  author={Skiena, Steven S},
  journal={group},
  volume={23},
  pages={2516},
  year={2020}
}

@article{vaswani2017attention,
  title={Attention is all you need},
  author={Vaswani, Ashish and Shazeer, Noam and Parmar, Niki and Uszkoreit, Jakob and Jones, Llion and Gomez, Aidan N and Kaiser, {\L}ukasz and Polosukhin, Illia},
  journal={Advances in neural information processing systems},
  volume={30},
  year={2017}
}

@inproceedings{he2016deep,
  title={Deep residual learning for image recognition},
  author={He, Kaiming and Zhang, Xiangyu and Ren, Shaoqing and Sun, Jian},
  booktitle={Proceedings of the IEEE conference on computer vision and pattern recognition},
  pages={770--778},
  year={2016}
}

@inproceedings{nivre2016universal,
  title={Universal dependencies v1: A multilingual treebank collection},
  author={Nivre, Joakim and De Marneffe, Marie-Catherine and Ginter, Filip and Goldberg, Yoav and Hajic, Jan and Manning, Christopher D and McDonald, Ryan and Petrov, Slav and Pyysalo, Sampo and Silveira, Natalia and others},
  booktitle={Proceedings of the Tenth International Conference on Language Resources and Evaluation (LREC'16)},
  pages={1659--1666},
  year={2016}
}

@article{gabow1986efficient,
  title={Efficient algorithms for finding minimum spanning trees in undirected and directed graphs},
  author={Gabow, Harold N and Galil, Zvi and Spencer, Thomas and Tarjan, Robert E},
  journal={Combinatorica},
  volume={6},
  number={2},
  pages={109--122},
  year={1986},
  publisher={Springer}
}

@article{chu1965shortest,
  title={On the shortest arborescence of a directed graph},
  author={Chu, Yoeng-Jin},
  journal={Scientia Sinica},
  volume={14},
  pages={1396--1400},
  year={1965}
}

@article{edmonds1968optimum,
  title={Optimum branchings},
  author={Edmonds, Jack},
  journal={Mathematics and the Decision Sciences, Part},
  volume={1},
  number={335-345},
  pages={25},
  year={1968},
  publisher={Amer. Math. Soc}
}

@article{dozat2016deep,
  title={Deep biaffine attention for neural dependency parsing},
  author={Dozat, Timothy and Manning, Christopher D},
  journal={arXiv preprint arXiv:1611.01734},
  year={2016}
}