@book{murray1993differential,
  title={Differential geometry and statistics},
  author={Murray, Michael K and Rice, John W},
  volume={48},
  year={1993},
  publisher={CRC Press}
}

@book{munkres2000topology,
  title={Topology, 2nd},
  author={Munkres, James R},
  year={2000},
  publisher={Prentice Hall}
}

@book{guillemin2010differential,
  title={Differential topology},
  author={Guillemin, Victor and Pollack, Alan},
  volume={370},
  year={2010},
  publisher={American Mathematical Soc.}
}

@book{lee2003introduction,
   title = {Introduction to smooth manifolds},
   author = {Lee, John Marshall},
   series = {Graduate texts in mathematics},
   publisher = {Springer},
   address = {New York, Berlin, Heidelberg},
   isbn = {0-387-95448-1},
   year = {2003.}
}


@article{edelman1998geometry,
  title={The geometry of algorithms with orthogonality constraints},
  author={Edelman, Alan and Arias, Tom{\'a}s A and Smith, Steven T},
  journal={SIAM journal on Matrix Analysis and Applications},
  volume={20},
  number={2},
  pages={303--353},
  year={1998},
  publisher={SIAM}
}

@book{armstrong1983basictopology, 
 title={Basic topology}, 
 author={Armstrong, M. A.}, 
 volume={Undergraduate texts in mathematics}, 
 year={1983},
 publisher={Springer}
}

@book{do1976differential,
  title={Differential geometry of curves and surfaces},
  author={do Carmo Valero, Manfredo Perdigao},
  volume={2},
  year={1976},
  publisher={Prentice-hall Englewood Cliffs}
}

@book{amari2007methods,
  title={Methods of information geometry},
  author={Amari, Shun-ichi and Nagaoka, Hiroshi},
  volume={191},
  year={2007},
  publisher={American Mathematical Soc.}
}

@book{o2006elementary,
  title={Elementary differential geometry},
  author={O'neill, Barrett},
  year={2006},
  publisher={Academic press}
}


@book{kobayashi1963foundations,
  title={Foundations of differential geometry},
  author={Kobayashi, Shoshichi and Nomizu, Katsumi},
  volume={1},
  number={2},
  year={1963},
  publisher={New York}
}


@book{do1992riemannian,
  title={Riemannian geometry},
  author={do Carmo Valero, Manfredo Perdigao},
  year={1992},
  publisher={Birkh{\"a}user}
}

%======================================================
@book{hastie2009elements,
  title={The elements of statistical learning: data mining, inference, and prediction},
  author={Hastie, Trevor and Tibshirani, Robert and Friedman, Jerome H and Friedman, Jerome H},
  volume={2},
  year={2009},
  publisher={Springer}
}

@inproceedings{chen2016xgboost,
  title={Xgboost: A scalable tree boosting system},
  author={Chen, Tianqi and Guestrin, Carlos},
  booktitle={Proceedings of the 22nd acm sigkdd international conference on knowledge discovery and data mining},
  pages={785--794},
  year={2016}
}

