@book{glymour2016causal,
  title={Causal inference in statistics: A primer},
  author={Glymour, Madelyn and Pearl, Judea and Jewell, Nicholas P},
  year={2016},
  publisher={John Wiley \& Sons}
}


@article{pearl2009causal,
  title={Causal inference in statistics: An overview},
  author={Pearl, Judea},
  journal={Statistics surveys},
  volume={3},
  pages={96--146},
  year={2009},
  publisher={Amer. Statist. Assoc., the Bernoulli Soc., the Inst. Math. Statist., and the~…}
}


@book{pearl2000causal,
  author = {Pearl, Judea},
  publisher = {Cambridge University Press},
  title = {{C}ausality: {Models}, {R}easoning, and {I}nference},
  year = {2000}
}




@article{pearl2010causal,
  title={Causal inference},
  author={Pearl, Judea},
  journal={Causality: objectives and assessment},
  pages={39--58},
  year={2010},
  publisher={PMLR}
}

@book{rosenbaum2017observation,
  title={Observation and Experiment: An Introduction to Causal Inference},
  author={Rosenbaum, Paul},
  year={2017},
  publisher={Harvard University Press}
}

@book{imbens2015causal,
  title={Causal inference in statistics, social, and biomedical sciences},
  author={Imbens, Guido W and Rubin, Donald B},
  year={2015},
  publisher={Cambridge University Press}
}


@article{neal2020introduction,
  title={Introduction to causal inference from a machine learning perspective},
  author={Neal, Brady},
  journal={Course Lecture Notes (draft)},
  year={2020}
}

@book{peters2017elements,
  title={Elements of causal inference: foundations and learning algorithms},
  author={Peters, Jonas and Janzing, Dominik and Sch{\"o}lkopf, Bernhard},
  year={2017},
  publisher={The MIT Press}
}

@article{imbens2020potential,
  title={Potential outcome and directed acyclic graph approaches to causality: Relevance for empirical practice in economics},
  author={Imbens, Guido W},
  journal={Journal of Economic Literature},
  volume={58},
  number={4},
  pages={1129--79},
  year={2020}
}

@inproceedings{huang2006pearl,
  title={Pearl's calculus of intervention is complete},
  author={Huang, Yimin and Valtorta, Marco},
  booktitle={Proceedings of the Twenty-Second Conference on Uncertainty in Artificial Intelligence},
  pages={217--224},
  year={2006}
}

@inproceedings{shpitser2006identification,
  title={Identification of joint interventional distributions in recursive semi-Markovian causal models},
  author={Shpitser, Ilya and Pearl, Judea},
  booktitle={proceedings of the 21st national conference on Artificial intelligence-Volume 2},
  pages={1219--1226},
  year={2006}
}

@article{kunzel2019metalearners,
  title={Metalearners for estimating heterogeneous treatment effects using machine learning},
  author={K{\"u}nzel, S{\"o}ren R and Sekhon, Jasjeet S and Bickel, Peter J and Yu, Bin},
  journal={Proceedings of the national academy of sciences},
  volume={116},
  number={10},
  pages={4156--4165},
  year={2019},
  publisher={National Acad Sciences}
}

@inproceedings{shalit2017estimating,
  title={Estimating individual treatment effect: generalization bounds and algorithms},
  author={Shalit, Uri and Johansson, Fredrik D and Sontag, David},
  booktitle={International Conference on Machine Learning},
  pages={3076--3085},
  year={2017},
  organization={PMLR}
}

@article{seaman2018introduction,
  title={Introduction to double robust methods for incomplete data},
  author={Seaman, Shaun R and Vansteelandt, Stijn},
  journal={Statistical science: a review journal of the Institute of Mathematical Statistics},
  volume={33},
  number={2},
  pages={184},
  year={2018},
  publisher={Europe PMC Funders}
}

@article{kurz2022augmented,
  title={Augmented inverse probability weighting and the double robustness property},
  author={Kurz, Christoph F},
  journal={Medical Decision Making},
  volume={42},
  number={2},
  pages={156--167},
  year={2022},
  publisher={SAGE Publications Sage CA: Los Angeles, CA}
}

@book{van2011targeted,
  title={Targeted learning: causal inference for observational and experimental data},
  author={Van der Laan, Mark J and Rose, Sherri and others},
  volume={10},
  year={2011},
  publisher={Springer}
}

@article{schuler2017targeted,
  title={Targeted maximum likelihood estimation for causal inference in observational studies},
  author={Schuler, Megan S and Rose, Sherri},
  journal={American journal of epidemiology},
  volume={185},
  number={1},
  pages={65--73},
  year={2017},
  publisher={Oxford University Press}
}

@article{van2006targeted,
  title={Targeted maximum likelihood learning},
  author={Van Der Laan, Mark J and Rubin, Daniel},
  journal={The international journal of biostatistics},
  volume={2},
  number={1},
  year={2006},
  publisher={De Gruyter}
}
%===================
@book{koller2009probabilistic,
  title={Probabilistic graphical models: principles and techniques},
  author={Koller, Daphne and Friedman, Nir},
  year={2009},
  publisher={MIT press}
}

@article{wainwright2008graphical,
  title={Graphical models, exponential families, and variational inference},
  author={Wainwright, Martin J and Jordan, Michael I and others},
  journal={Foundations and Trends{\textregistered} in Machine Learning},
  volume={1},
  number={1--2},
  pages={1--305},
  year={2008},
  publisher={Now Publishers, Inc.}
}

@article{gabriel2019computational,
title = {Computational Optimal Transport: With Applications to Data Science},
author = {Gabriel Peyré and Marco Cuturi},
journal = {Foundations and Trends® in Machine Learning},
volume = {11},
number = {5-6},
pages = {355-607},
year = {2019},
issn = {1935-8237}
}