@book{schapire2012boosting,
title = {Boosting: Foundations and Algorithms},
author = {Schapire, Robert E. and Freund, Yoav},
year = {2012},
isbn = {0262017180},
publisher = {The MIT Press}
}


@book{hastie2009elements,
  title={The elements of statistical learning: data mining, inference, and prediction},
  author={Hastie, Trevor and Tibshirani, Robert and Friedman, Jerome H and Friedman, Jerome H},
  volume={2},
  year={2009},
  publisher={Springer}
}


@book{mohri2018foundations,
  title={Foundations of machine learning},
  author={Mohri, Mehryar and Rostamizadeh, Afshin and Talwalkar, Ameet},
  year={2018},
  publisher={MIT press}
}

@book{devroye2013probabilistic,
  title={A probabilistic theory of pattern recognition},
  author={Devroye, Luc and Gy{\"o}rfi, L{\'a}szl{\'o} and Lugosi, G{\'a}bor},
  volume={31},
  year={2013},
  publisher={Springer Science \& Business Media}
}

@book{shalev2014understanding,
  title={Understanding machine learning: From theory to algorithms},
  author={Shalev-Shwartz, Shai and Ben-David, Shai},
  year={2014},
  publisher={Cambridge university press}
}

@book{scholkopf2001learning,
  title={Learning with kernels: support vector machines, regularization, optimization, and beyond},
  author={Scholkopf, Bernhard and Smola, Alexander J},
  year={2001},
  publisher={MIT press}
}

@inproceedings{chen2016xgboost,
  title={Xgboost: A scalable tree boosting system},
  author={Chen, Tianqi and Guestrin, Carlos},
  booktitle={Proceedings of the 22nd acm sigkdd international conference on knowledge discovery and data mining},
  pages={785--794},
  year={2016}
}

@book{cesa2006prediction,
  title={Prediction, learning, and games},
  author={Cesa-Bianchi, Nicolo and Lugosi, G{\'a}bor},
  year={2006},
  publisher={Cambridge university press}
}

%====================================================

@article{gabriel2019computational,
title = {Computational Optimal Transport: With Applications to Data Science},
author = {Gabriel Peyré and Marco Cuturi},
journal = {Foundations and Trends® in Machine Learning},
volume = {11},
number = {5-6},
pages = {355-607},
year = {2019},
issn = {1935-8237}
}

@book{thomas2006elements,
  title     = {Elements of information theory {(2.} ed.)},
  author={Thomas M. Cover and
               Joy A. Thomas},
  publisher = {Wiley},
  year      = {2006},
  isbn      = {978-0-471-24195-9}
}

%=============================================

@book{boucheron2013concentration,
  title={Concentration inequalities: A nonasymptotic theory of independence},
  author={Boucheron, St{\'e}phane and Lugosi, G{\'a}bor and Massart, Pascal},
  year={2013},
  publisher={Oxford university press}
}

@book{wainwright2019high,
  title={High-dimensional statistics: A non-asymptotic viewpoint},
  author={Wainwright, Martin J},
  volume={48},
  year={2019},
  publisher={Cambridge University Press}
}

@book{gine2021mathematical,
  title={Mathematical foundations of infinite-dimensional statistical models},
  author={Gin{\'e}, Evarist and Nickl, Richard},
  year={2021},
  publisher={Cambridge university press}
}

@book{van2000asymptotic,
  title={Asymptotic statistics},
  author={Van der Vaart, Aad W},
  volume={3},
  year={2000},
  publisher={Cambridge university press}
}


@book{wellner2013weak,
  title={Weak convergence and empirical processes: with applications to statistics},
  author={Wellner, Jon and others},
  year={2013},
  publisher={Springer Science \& Business Media}
}

@book{vershynin2018high,
  title={High-dimensional probability: An introduction with applications in data science},
  author={Vershynin, Roman},
  volume={47},
  year={2018},
  publisher={Cambridge university press}
}

%=============================================

@book{murray1993differential,
  title={Differential geometry and statistics},
  author={Murray, Michael K and Rice, John W},
  volume={48},
  year={1993},
  publisher={CRC Press}
}

@book{munkres2000topology,
  title={Topology, 2nd},
  author={Munkres, James R},
  year={2000},
  publisher={Prentice Hall}
}


@book{lee2003introduction,
   title = {Introduction to smooth manifolds},
   author = {Lee, John Marshall},
   series = {Graduate texts in mathematics},
   publisher = {Springer},
   address = {New York, Berlin, Heidelberg},
   isbn = {0-387-95448-1},
   year = {2003.}
}


@book{amari2007methods,
  title={Methods of information geometry},
  author={Amari, Shun-ichi and Nagaoka, Hiroshi},
  volume={191},
  year={2007},
  publisher={American Mathematical Soc.}
}


%======================================================
