@book{kreyszig1989introductory,
  title={Introductory functional analysis with applications},
  author={Kreyszig, Erwin},
  volume={81},
  year={1989},
  publisher={wiley New York}
}

@book{reed1980methods,
  title={Methods of modern mathematical physics: Functional analysis},
  author={Reed, Michael and Simon, Barry},
  volume={1},
  year={1980},
  publisher={Gulf Professional Publishing}
}

@book{rynne2007linear,
  title={Linear functional analysis},
  author={Rynne, Bryan and Youngson, Martin A},
  year={2007},
  publisher={Springer Science \& Business Media}
}

@book{lax2002functional,
  title={Functional analysis},
  author={Lax, Peter D},
  volume={55},
  year={2002},
  publisher={John Wiley \& Sons}
}

@misc{rudin1991functional,
  title={Functional analysis. International series in pure and applied mathematics},
  author={Rudin, Walter},
  year={1991},
  publisher={McGraw-Hill, Inc., New York}
}

@book{taylor1958introduction,
  title={Introduction to functional analysis},
  author={Taylor, Angus Ellis and Lay, David C},
  volume={2},
  year={1958},
  publisher={Wiley New York}
}

@book{treves2016topological,
  title={Topological Vector Spaces, Distributions and Kernels: Pure and Applied Mathematics, Vol. 25},
  author={Treves, Fran{\c{c}}ois},
  volume={25},
  year={2016},
  publisher={Elsevier}
}

@book{munkres2000topology,
  title={Topology, 2nd},
  author={Munkres, James R},
  year={2000},
  publisher={Prentice Hall}
}

@article{munkres1975topology,
  title={Topology: a first course},
  author={Munkres, James R},
  journal={Englewood Cliffs, New Jersey},
  year={1975}
}


@book{conway2019course,
  title={A course in functional analysis},
  author={Conway, John B},
  volume={96},
  year={2019},
  publisher={Springer}
}

@book{goffman2017first,
  title={A first course in functional analysis},
  author={Goffman, Caspar and Pedrick, George},
  volume={319},
  year={2017},
  publisher={American Mathematical Soc.}
}

@book{yosida2012functional,
  title={Functional analysis},
  author={Yosida, K{\"o}saku},
  year={2012},
  publisher={Springer Science \& Business Media}
}

@book{borthwick2020spectral,
  title={Spectral Theory: Basic Concepts and Applications},
  author={Borthwick, David},
  volume={284},
  year={2020},
  publisher={Springer Nature}
}

@book{halmos2017introduction,
  title={Introduction to Hilbert space and the theory of spectral multiplicity},
  author={Halmos, Paul R},
  year={2017},
  publisher={Courier Dover Publications}
}

@book{luenberger1997optimization,
  title={Optimization by vector space methods},
  author={Luenberger, David G},
  year={1997},
  publisher={John Wiley \& Sons}
}

@book{folland2013real,
  title={Real analysis: modern techniques and their applications},
  author={Folland, Gerald B},
  year={2013},
  publisher={John Wiley \& Sons}
}

@book{boyd2004convex,
  title={Convex optimization},
  author={Boyd, Stephen and Boyd, Stephen P and Vandenberghe, Lieven},
  year={2004},
  publisher={Cambridge university press}
}

@book{rockafellar1970convex,
  title={Convex analysis},
  author={Rockafellar, R Tyrrell},
  volume={18},
  year={1970},
  publisher={Princeton university press}
}

@book{van2000asymptotic,
  title={Asymptotic statistics},
  author={Van der Vaart, Aad W},
  volume={3},
  year={2000},
  publisher={Cambridge university press}
}

@book{wellner2013weak,
  title={Weak convergence and empirical processes: with applications to statistics},
  author={Wellner, Jon and others},
  year={2013},
  publisher={Springer Science \& Business Media}
}

@book{horn2012matrix,
  title={Matrix analysis},
  author={Horn, Roger A and Johnson, Charles R},
  year={2012},
  publisher={Cambridge university press}
}