@book{hastie2009elements,
  title={The elements of statistical learning: data mining, inference, and prediction},
  author={Hastie, Trevor and Tibshirani, Robert and Friedman, Jerome H and Friedman, Jerome H},
  volume={2},
  year={2009},
  publisher={Springer}
}

@book{koller2009probabilistic,
  title={Probabilistic graphical models: principles and techniques},
  author={Koller, Daphne and Friedman, Nir},
  year={2009},
  publisher={MIT press}
}

@article{sucar2015probabilistic,
  title={Probabilistic graphical models},
  author={Sucar, Luis Enrique},
  journal={Advances in Computer Vision and Pattern Recognition. London: Springer London. doi},
  volume={10},
  number={978},
  pages={1},
  year={2015},
  publisher={Springer}
}

@article{jordan2003introduction,
  title={An Introduction to Probabilistic Graphical Models},
  author={Jordan, Michael I},
  journal={University of California, Berkeley},
  year={2003}
}

@book{wainwright2019high,
  title={High-dimensional statistics: A non-asymptotic viewpoint},
  author={Wainwright, Martin J},
  volume={48},
  year={2019},
  publisher={Cambridge University Press}
}


@book{robert1999monte,
  title={Monte Carlo statistical methods},
  author={Robert, Christian P and Casella, George},
  volume={2},
  year={1999},
  publisher={Springer}
}

@article{shapiro2003monte,
  title={Monte Carlo sampling methods},
  author={Shapiro, Alexander},
  journal={Handbooks in operations research and management science},
  volume={10},
  pages={353--425},
  year={2003},
  publisher={Elsevier}
}

@book{liu2001monte,
  title={Monte Carlo strategies in scientific computing},
  author={Liu, Jun S},
  volume={10},
  year={2001},
  publisher={Springer}
}

@book{brooks2011handbook,
  title={Handbook of markov chain monte carlo},
  author={Brooks, Steve and Gelman, Andrew and Jones, Galin and Meng, Xiao-Li},
  year={2011},
  publisher={CRC press}
}
%======================================================

@book{gelfand2000calculus,
  title={Calculus of variations},
  author={Gelfand, Izrail Moiseevitch and Silverman, Richard A and others},
  year={2000},
  publisher={Courier Corporation}
}

@article{betancourt2017conceptual,
  title={A conceptual introduction to Hamiltonian Monte Carlo},
  author={Betancourt, Michael},
  journal={arXiv preprint arXiv:1701.02434},
  year={2017}
}

@article{vishnoi2021introduction,
  title={An introduction to Hamiltonian Monte Carlo method for sampling},
  author={Vishnoi, Nisheeth K},
  journal={arXiv preprint arXiv:2108.12107},
  year={2021}
}

@book{leimkuhler2004simulating,
  title={Simulating hamiltonian dynamics},
  author={Leimkuhler, Benedict and Reich, Sebastian},
  number={14},
  year={2004},
  publisher={Cambridge university press}
}

@book{haier2006geometric,
  title={Geometric Numerical integration: structure-preserving algorithms for ordinary differential equations},
  author={Haier, Ernst and Lubich, Christian and Wanner, Gerhard},
  year={2006},
  publisher={Springer}
}

@book{lehmann2006theory,
  title={Theory of point estimation},
  author={Lehmann, Erich L and Casella, George},
  year={2006},
  publisher={Springer Science \& Business Media}
}

@book{ross2014introduction,
  title={Introduction to probability models},
  author={Ross, Sheldon M},
  year={2014},
  publisher={Academic press}
}

@book{karlin2014first,
  title={A first course in stochastic processes},
  author={Karlin, Samuel},
  year={2014},
  publisher={Academic press}
}