@book{murray1993differential,
  title={Differential geometry and statistics},
  author={Murray, Michael K and Rice, John W},
  volume={48},
  year={1993},
  publisher={CRC Press}
}

@book{munkres2000topology,
  title={Topology, 2nd},
  author={Munkres, James R},
  year={2000},
  publisher={Prentice Hall}
}

@book{guillemin2010differential,
  title={Differential topology},
  author={Guillemin, Victor and Pollack, Alan},
  volume={370},
  year={2010},
  publisher={American Mathematical Soc.}
}

@book{lee2003introduction,
   title = {Introduction to smooth manifolds},
   author = {Lee, John Marshall},
   series = {Graduate texts in mathematics},
   publisher = {Springer},
   address = {New York, Berlin, Heidelberg},
   isbn = {0-387-95448-1},
   year = {2003.}
}


@article{edelman1998geometry,
  title={The geometry of algorithms with orthogonality constraints},
  author={Edelman, Alan and Arias, Tom{\'a}s A and Smith, Steven T},
  journal={SIAM journal on Matrix Analysis and Applications},
  volume={20},
  number={2},
  pages={303--353},
  year={1998},
  publisher={SIAM}
}

@book{armstrong1983basictopology, 
 title={Basic topology}, 
 author={Armstrong, M. A.}, 
 volume={Undergraduate texts in mathematics}, 
 year={1983},
 publisher={Springer}
}

@book{do1976differential,
  title={Differential geometry of curves and surfaces},
  author={do Carmo Valero, Manfredo Perdigao},
  volume={2},
  year={1976},
  publisher={Prentice-hall Englewood Cliffs}
}

@book{amari2007methods,
  title={Methods of information geometry},
  author={Amari, Shun-ichi and Nagaoka, Hiroshi},
  volume={191},
  year={2007},
  publisher={American Mathematical Soc.}
}

@article{nielsen2020elementary,
  title={An elementary introduction to information geometry},
  author={Nielsen, Frank},
  journal={Entropy},
  volume={22},
  number={10},
  pages={1100},
  year={2020},
  publisher={MDPI}
}

@book{o2006elementary,
  title={Elementary differential geometry},
  author={O'neill, Barrett},
  year={2006},
  publisher={Academic press}
}


@book{kobayashi1963foundations,
  title={Foundations of differential geometry},
  author={Kobayashi, Shoshichi and Nomizu, Katsumi},
  volume={1},
  number={2},
  year={1963},
  publisher={New York}
}


@book{do1992riemannian,
  title={Riemannian geometry},
  author={do Carmo Valero, Manfredo Perdigao},
  year={1992},
  publisher={Birkh{\"a}user}
}




@book{folland1999real,
  title={Real analysis: modern techniques and their applications},
  author={Folland, Gerald B},
  volume={40},
  year={1999},
  publisher={John Wiley \& Sons}
}



@book{bertsimas1997introduction,
  title={Introduction to linear optimization},
  author={Bertsimas, Dimitris and Tsitsiklis, John N},
  volume={6},
  year={1997},
  publisher={Athena Scientific Belmont, MA}
}

@book{rockafellar1970convex,
  title={Convex analysis},
  author={Rockafellar, R Tyrrell},
  volume={18},
  year={1970},
  publisher={Princeton university press}
}


%======================================================
@article{gabriel2019computational,
title = {Computational Optimal Transport: With Applications to Data Science},
author = {Gabriel Peyré and Marco Cuturi},
journal = {Foundations and Trends® in Machine Learning},
volume = {11},
number = {5-6},
pages = {355-607},
year = {2019},
issn = {1935-8237}
}

@article{torres2021survey,
  title={A survey on optimal transport for machine learning: Theory and applications},
  author={Torres, Luis Caicedo and Pereira, Luiz Manella and Amini, M Hadi},
  journal={arXiv preprint arXiv:2106.01963},
  year={2021}
}




@book{villani2009optimal,
  title={Optimal transport: old and new},
  author={Villani, C{\'e}dric},
  volume={338},
  year={2009},
  publisher={Springer}
}

@book{santambrogio2015optimal,
  title={Optimal transport for applied mathematicians},
  author={Santambrogio, Filippo},
  journal={Birk{\"a}user, NY},
  volume={55},
  number={58-63},
  pages={94},
  year={2015},
  publisher={Springer}
}

@book{figalli2021invitation,
  title={An Invitation to Optimal Transport, Wasserstein Distances, and Gradient Flows},
  author={Figalli, Alessio and Glaudo, Federico},
  year={2021}
}

@book{ambrosio2005gradient,
  title={Gradient flows: in metric spaces and in the space of probability measures},
  author={Ambrosio, Luigi and Gigli, Nicola and Savar{\'e}, Giuseppe},
  year={2005},
  publisher={Springer Science \& Business Media}
}


@article{takatsu2011wasserstein,
  title={Wasserstein geometry of Gaussian measures},
  author={Takatsu, Asuka},
  journal={Osaka Journal of Mathematics},
  volume={48},
  number={4},
  pages={1005--1026},
  year={2011},
  publisher={Osaka University and Osaka City University, Departments of Mathematics}
}

@article{malago2018wasserstein,
  title={Wasserstein riemannian geometry of positive definite matrices},
  author={Malago, Luigi and Montrucchio, Luigi and Pistone, Giovanni},
  journal={arXiv preprint arXiv:1801.09269},
  year={2018}
}

@article{bhatia2019bures,
  title={On the Bures--Wasserstein distance between positive definite matrices},
  author={Bhatia, Rajendra and Jain, Tanvi and Lim, Yongdo},
  journal={Expositiones Mathematicae},
  volume={37},
  number={2},
  pages={165--191},
  year={2019},
  publisher={Elsevier}
}

@article{nemirovski1999complexity,
  title={On complexity of matrix scaling},
  author={Nemirovski, Arkadi and Rothblum, Uriel},
  journal={Linear Algebra and its Applications},
  volume={302},
  pages={435--460},
  year={1999},
  publisher={Elsevier}
}

@article{sinkhorn1967diagonal,
  title={Diagonal equivalence to matrices with prescribed row and column sums},
  author={Sinkhorn, Richard},
  journal={The American Mathematical Monthly},
  volume={74},
  number={4},
  pages={402--405},
  year={1967},
  publisher={JSTOR}
}

@article{cuturi2013sinkhorn,
  title={Sinkhorn distances: Lightspeed computation of optimal transport},
  author={Cuturi, Marco},
  journal={Advances in neural information processing systems},
  volume={26},
  year={2013}
}

@inproceedings{li2021hilbert,
  title={Hilbert sinkhorn divergence for optimal transport},
  author={Li, Qian and Wang, Zhichao and Li, Gang and Pang, Jun and Xu, Guandong},
  booktitle={Proceedings of the IEEE/CVF Conference on Computer Vision and Pattern Recognition},
  pages={3835--3844},
  year={2021}
}

@article{vialard2019elementary,
  title={An elementary introduction to entropic regularization and proximal methods for numerical optimal transport},
  author={Vialard, Fran{\c{c}}ois-Xavier},
  year={2019}
}

@article{franklin1989scaling,
  title={On the scaling of multidimensional matrices},
  author={Franklin, Joel and Lorenz, Jens},
  journal={Linear Algebra and its applications},
  volume={114},
  pages={717--735},
  year={1989},
  publisher={Elsevier}
}

@book{wainwright2019high,
  title={High-dimensional statistics: A non-asymptotic viewpoint},
  author={Wainwright, Martin J},
  volume={48},
  year={2019},
  publisher={Cambridge University Press}
}


@inproceedings{arjovsky2017wasserstein,
  title={Wasserstein generative adversarial networks},
  author={Arjovsky, Martin and Chintala, Soumith and Bottou, L{\'e}on},
  booktitle={International conference on machine learning},
  pages={214--223},
  year={2017},
  organization={PMLR}
}

@inproceedings{tolstikhin2018wasserstein,
  title={Wasserstein Auto-Encoders},
  author={Tolstikhin, I and Bousquet, O and Gelly, S and Sch{\"o}lkopf, B},
  booktitle={6th International Conference on Learning Representations (ICLR 2018)},
  year={2018},
  organization={OpenReview. net}
}

@article{bernton2017inference,
  title={Inference in generative models using the Wasserstein distance},
  author={Bernton, Espen and Jacob, Pierre E and Gerber, Mathieu and Robert, Christian P},
  journal={arXiv preprint arXiv:1701.05146},
  volume={1},
  number={8},
  pages={9},
  year={2017},
  publisher={Technical report}
}

@article{montavon2016wasserstein,
  title={Wasserstein training of restricted Boltzmann machines},
  author={Montavon, Gr{\'e}goire and M{\"u}ller, Klaus-Robert and Cuturi, Marco},
  journal={Advances in Neural Information Processing Systems},
  volume={29},
  year={2016}
}

@article{bassetti2006minimum,
  title={On minimum Kantorovich distance estimators},
  author={Bassetti, Federico and Bodini, Antonella and Regazzini, Eugenio},
  journal={Statistics \& probability letters},
  volume={76},
  number={12},
  pages={1298--1302},
  year={2006},
  publisher={Elsevier}
}

@article{canas2012learning,
  title={Learning probability measures with respect to optimal transport metrics},
  author={Canas, Guillermo and Rosasco, Lorenzo},
  journal={Advances in Neural Information Processing Systems},
  volume={25},
  year={2012}
}

@inproceedings{genevay2018learning,
  title={Learning generative models with sinkhorn divergences},
  author={Genevay, Aude and Peyr{\'e}, Gabriel and Cuturi, Marco},
  booktitle={International Conference on Artificial Intelligence and Statistics},
  pages={1608--1617},
  year={2018},
  organization={PMLR}
}

@article{genevay2017gan,
  title={GAN and VAE from an optimal transport point of view},
  author={Genevay, Aude and Peyr{\'e}, Gabriel and Cuturi, Marco},
  journal={arXiv preprint arXiv:1706.01807},
  year={2017}
}

@inproceedings{salimans2018improving,
  title={Improving GANs using optimal transport},
  author={Salimans, Tim and Metaxas, Dimitris and Zhang, Han and Radford, Alec},
  booktitle={6th International Conference on Learning Representations, ICLR 2018},
  year={2018}
}

@article{gold1998new,
  title={New algorithms for 2D and 3D point matching: pose estimation and correspondence},
  author={Gold, Steven and Rangarajan, Anand and Lu, Chien-Ping and Pappu, Suguna and Mjolsness, Eric},
  journal={Pattern recognition},
  volume={31},
  number={8},
  pages={1019--1031},
  year={1998},
  publisher={Elsevier}
}

@incollection{rangarajan2000applications,
  title={Applications of Optimizing Neural Networks in Medical Image Registration},
  author={Rangarajan, Anand and Chui, Haili},
  booktitle={Artificial Neural Networks in Medicine and Biology},
  pages={99--104},
  year={2000},
  publisher={Springer}
}

@article{myronenko2010point,
  title={Point set registration: Coherent point drift},
  author={Myronenko, Andriy and Song, Xubo},
  journal={IEEE transactions on pattern analysis and machine intelligence},
  volume={32},
  number={12},
  pages={2262--2275},
  year={2010},
  publisher={IEEE}
}

@inproceedings{feydy2017optimal,
  title={Optimal transport for diffeomorphic registration},
  author={Feydy, Jean and Charlier, Benjamin and Vialard, Fran{\c{c}}ois-Xavier and Peyr{\'e}, Gabriel},
  booktitle={International Conference on Medical Image Computing and Computer-Assisted Intervention},
  pages={291--299},
  year={2017},
  organization={Springer}
}

@article{flamary2016optimal,
  title={Optimal transport for domain adaptation},
  author={Flamary, R and Courty, N and Tuia, D and Rakotomamonjy, A},
  journal={IEEE Trans. Pattern Anal. Mach. Intell},
  volume={1},
  year={2016}
}

@article{cuturi2014ground,
  title={Ground metric learning},
  author={Cuturi, Marco and Avis, David},
  journal={The Journal of Machine Learning Research},
  volume={15},
  number={1},
  pages={533--564},
  year={2014},
  publisher={JMLR. org}
}

@inproceedings{wang2012supervised,
  title={Supervised earth mover’s distance learning and its computer vision applications},
  author={Wang, Fan and Guibas, Leonidas J},
  booktitle={European Conference on Computer Vision},
  pages={442--455},
  year={2012},
  organization={Springer}
}

@article{huang2016supervised,
  title={Supervised word mover's distance},
  author={Huang, Gao and Guo, Chuan and Kusner, Matt J and Sun, Yu and Sha, Fei and Weinberger, Kilian Q},
  journal={Advances in neural information processing systems},
  volume={29},
  year={2016}
}

@inproceedings{zen2014simultaneous,
  title={Simultaneous ground metric learning and matrix factorization with earth mover's distance},
  author={Zen, Gloria and Ricci, Elisa and Sebe, Nicu},
  booktitle={2014 22nd International Conference on Pattern Recognition},
  pages={3690--3695},
  year={2014},
  organization={IEEE}
}

@article{zhu2007image,
  title={An image morphing technique based on optimal mass preserving mapping},
  author={Zhu, Lei and Yang, Yan and Haker, Steven and Tannenbaum, Allen},
  journal={IEEE Transactions on Image Processing},
  volume={16},
  number={6},
  pages={1481--1495},
  year={2007},
  publisher={IEEE}
}

@article{pan2009survey,
  title={A survey on transfer learning},
  author={Pan, Sinno Jialin and Yang, Qiang},
  journal={IEEE Transactions on knowledge and data engineering},
  volume={22},
  number={10},
  pages={1345--1359},
  year={2009},
  publisher={IEEE}
}

@article{aurenhammer1987power,
  title={Power diagrams: properties, algorithms and applications},
  author={Aurenhammer, Franz},
  journal={SIAM Journal on Computing},
  volume={16},
  number={1},
  pages={78--96},
  year={1987},
  publisher={SIAM}
}


%==============================
@book{thomas2006elements,
  title     = {Elements of information theory {(2.} ed.)},
  author={Thomas M. Cover and
               Joy A. Thomas},
  publisher = {Wiley},
  year      = {2006},
  isbn      = {978-0-471-24195-9}
}

@article{polyanskiy2014lecture,
  title={Lecture notes on information theory},
  author={Polyanskiy, Yury and Wu, Yihong},
  journal={Lecture Notes for ECE563 (UIUC) and},
  volume={6},
  number={2012-2016},
  pages={7},
  year={2014},
  publisher={Citeseer}
}

@article{csiszar2004information,
  title={Information theory and statistics: A tutorial},
  author={Csisz{\'a}r, Imre and Shields, Paul C and others},
  journal={Foundations and Trends{\textregistered} in Communications and Information Theory},
  volume={1},
  number={4},
  pages={417--528},
  year={2004},
  publisher={Now Publishers, Inc.}
}

@article{wan2020f,
  title={f-divergence variational inference},
  author={Wan, Neng and Li, Dapeng and Hovakimyan, Naira},
  journal={Advances in neural information processing systems},
  volume={33},
  pages={17370--17379},
  year={2020}
}

@article{liese2006divergences,
  title={On divergences and informations in statistics and information theory},
  author={Liese, Friedrich and Vajda, Igor},
  journal={IEEE Transactions on Information Theory},
  volume={52},
  number={10},
  pages={4394--4412},
  year={2006},
  publisher={IEEE}
}

@inproceedings{hero2001alpha,
  title={Alpha-divergence for classification, indexing and retrieval},
  author={Hero, Alfred O and Ma, Bing and Michel, Olivier and Gorman, John},
  booktitle={University of Michigan},
  year={2001},
  organization={Citeseer}
}

@inproceedings{poczos2011estimation,
  title={On the estimation of alpha-divergences},
  author={P{\'o}czos, Barnab{\'a}s and Schneider, Jeff},
  booktitle={Proceedings of the Fourteenth International Conference on Artificial Intelligence and Statistics},
  pages={609--617},
  year={2011},
  organization={JMLR Workshop and Conference Proceedings}
}

@article{nielsen2011r,
  title={On {R}\'enyi and {T}sallis entropies and divergences for exponential families},
  author={Nielsen, Frank and Nock, Richard},
  journal={arXiv preprint arXiv:1105.3259},
  year={2011}
}