
@book{lee2003introduction,
   title = {Introduction to smooth manifolds},
   author = {Lee, John Marshall},
   series = {Graduate texts in mathematics},
   publisher = {Springer},
   address = {New York, Berlin, Heidelberg},
   isbn = {0-387-95448-1},
   year = {2003.}
}


@book{do1976differential,
  title={Differential geometry of curves and surfaces},
  author={do Carmo Valero, Manfredo Perdigao},
  volume={2},
  year={1976},
  publisher={Prentice-hall Englewood Cliffs}
}


@book{o2006elementary,
  title={Elementary differential geometry},
  author={O'neill, Barrett},
  year={2006},
  publisher={Academic press}
}


@book{kobayashi1963foundations,
  title={Foundations of differential geometry},
  author={Kobayashi, Shoshichi and Nomizu, Katsumi},
  volume={1},
  number={2},
  year={1963},
  publisher={New York}
}


@book{do1992riemannian,
  title={Riemannian geometry},
  author={do Carmo Valero, Manfredo Perdigao},
  year={1992},
  publisher={Birkh{\"a}user}
}

@book{lee2018introduction,
  title={Introduction to Riemannian manifolds},
  author={Lee, John M},
  volume={176},
  year={2018},
  publisher={Springer}
}

%======================================================

@book{murray1993differential,
  title={Differential geometry and statistics},
  author={Murray, Michael K and Rice, John W},
  volume={48},
  year={1993},
  publisher={CRC Press}
}

@book{munkres2000topology,
  title={Topology, 2nd},
  author={Munkres, James R},
  year={2000},
  publisher={Prentice Hall}
}

@book{guillemin2010differential,
  title={Differential topology},
  author={Guillemin, Victor and Pollack, Alan},
  volume={370},
  year={2010},
  publisher={American Mathematical Soc.}
}

@book{amari2007methods,
  title={Methods of information geometry},
  author={Amari, Shun-ichi and Nagaoka, Hiroshi},
  volume={191},
  year={2007},
  publisher={American Mathematical Soc.}
}

@article{edelman1998geometry,
  title={The geometry of algorithms with orthogonality constraints},
  author={Edelman, Alan and Arias, Tom{\'a}s A and Smith, Steven T},
  journal={SIAM journal on Matrix Analysis and Applications},
  volume={20},
  number={2},
  pages={303--353},
  year={1998},
  publisher={SIAM}
}

@book{armstrong1983basictopology, 
 title={Basic topology}, 
 author={Armstrong, M. A.}, 
 volume={Undergraduate texts in mathematics}, 
 year={1983},
 publisher={Springer}
}

@book{hirsch2012differential,
  title={Differential equations, dynamical systems, and an introduction to chaos},
  author={Hirsch, Morris W and Smale, Stephen and Devaney, Robert L},
  year={2012},
  publisher={Academic press}
}

@book{amann2011ordinary,
  title={Ordinary differential equations: an introduction to nonlinear analysis},
  author={Amann, Herbert},
  volume={13},
  year={2011},
  publisher={Walter de gruyter}
}

@book{reed1980methods,
  title={Methods of modern mathematical physics: Functional analysis},
  author={Reed, Michael and Simon, Barry},
  volume={1},
  year={1980},
  publisher={Gulf Professional Publishing}
}

@misc{rudin1991functional,
  title={Functional analysis. International series in pure and applied mathematics},
  author={Rudin, Walter},
  year={1991},
  publisher={McGraw-Hill, Inc., New York}
}

@book{taylor1958introduction,
  title={Introduction to functional analysis},
  author={Taylor, Angus Ellis and Lay, David C},
  volume={2},
  year={1958},
  publisher={Wiley New York}
}

@book{treves2016topological,
  title={Topological Vector Spaces, Distributions and Kernels: Pure and Applied Mathematics, Vol. 25},
  author={Treves, Fran{\c{c}}ois},
  volume={25},
  year={2016},
  publisher={Elsevier}
}

@book{folland2013real,
  title={Real analysis: modern techniques and their applications},
  author={Folland, Gerald B},
  year={2013},
  publisher={John Wiley \& Sons}
}