@book{japkowicz2011evaluating,
  title={Evaluating learning algorithms: a classification perspective},
  author={Japkowicz, Nathalie and Shah, Mohak},
  year={2011},
  publisher={Cambridge University Press}
}

@article{fawcett2006introduction,
  title={An introduction to {ROC} analysis},
  author={Fawcett, Tom},
  journal={Pattern recognition letters},
  volume={27},
  number={8},
  pages={861--874},
  year={2006},
  publisher={Elsevier}
}

@inproceedings{davis2006relationship,
  title={The relationship between {P}recision-{R}ecall and {ROC} curves},
  author={Davis, Jesse and Goadrich, Mark},
  booktitle={Proceedings of the 23rd international conference on Machine learning},
  pages={233--240},
  year={2006}
}

%==================================================
@inproceedings{gionis1999similarity,
  title={Similarity search in high dimensions via hashing},
  author={Gionis, Aristides and Indyk, Piotr and Motwani, Rajeev and others},
  booktitle={Vldb},
  volume={99},
  number={6},
  pages={518--529},
  year={1999}
}

@article{broder2000min,
  title={Min-Wise Independent Permutations},
  author={Broder, Andrei Z and Charikar, Moses and Frieze, Alan M and Mitzenmacher, Michael},
  journal={Journal of Computer and System Sciences},
  volume={60},
  pages={630--659},
  year={2000}
}

@inproceedings{indyk1998approximate,
  title={Approximate nearest neighbors: towards removing the curse of dimensionality},
  author={Indyk, Piotr and Motwani, Rajeev},
  booktitle={Proceedings of the thirtieth annual ACM symposium on Theory of computing},
  pages={604--613},
  year={1998}
}

@article{chavez2001searching,
  title={Searching in metric spaces},
  author={Ch{\'a}vez, Edgar and Navarro, Gonzalo and Baeza-Yates, Ricardo and Marroqu{\'\i}n, Jos{\'e} Luis},
  journal={ACM computing surveys (CSUR)},
  volume={33},
  number={3},
  pages={273--321},
  year={2001},
  publisher={ACM New York, NY, USA}
}

@inproceedings{datar2004locality,
  title={Locality-sensitive hashing scheme based on p-stable distributions},
  author={Datar, Mayur and Immorlica, Nicole and Indyk, Piotr and Mirrokni, Vahab S},
  booktitle={Proceedings of the twentieth annual symposium on Computational geometry},
  pages={253--262},
  year={2004}
}

@article{andoni2008near,
  title={Near-optimal hashing algorithms for approximate nearest neighbor in high dimensions},
  author={Andoni, Alexandr and Indyk, Piotr},
  journal={Communications of the ACM},
  volume={51},
  number={1},
  pages={117--122},
  year={2008},
  publisher={ACM New York, NY, USA}
}

@article{pauleve2010locality,
  title={Locality sensitive hashing: A comparison of hash function types and querying mechanisms},
  author={Paulev{\'e}, Lo{\"\i}c and J{\'e}gou, Herv{\'e} and Amsaleg, Laurent},
  journal={Pattern recognition letters},
  volume={31},
  number={11},
  pages={1348--1358},
  year={2010},
  publisher={Elsevier}
}

@article{jafari2021survey,
  title={A survey on locality sensitive hashing algorithms and their applications},
  author={Jafari, Omid and Maurya, Preeti and Nagarkar, Parth and Islam, Khandker Mushfiqul and Crushev, Chidambaram},
  journal={arXiv preprint arXiv:2102.08942},
  year={2021}
}

@inproceedings{andoni2015optimal,
  title={Optimal data-dependent hashing for approximate near neighbors},
  author={Andoni, Alexandr and Razenshteyn, Ilya},
  booktitle={Proceedings of the forty-seventh annual ACM symposium on Theory of computing},
  pages={793--801},
  year={2015}
}

@inproceedings{gan2012locality,
  title={Locality-sensitive hashing scheme based on dynamic collision counting},
  author={Gan, Junhao and Feng, Jianlin and Fang, Qiong and Ng, Wilfred},
  booktitle={Proceedings of the 2012 ACM SIGMOD international conference on management of data},
  pages={541--552},
  year={2012}
}

@inproceedings{charikar2002similarity,
  title={Similarity estimation techniques from rounding algorithms},
  author={Charikar, Moses S},
  booktitle={Proceedings of the thiry-fourth annual ACM symposium on Theory of computing},
  pages={380--388},
  year={2002}
}

@article{salakhutdinov2009semantic,
  title={Semantic hashing},
  author={Salakhutdinov, Ruslan and Hinton, Geoffrey},
  journal={International Journal of Approximate Reasoning},
  volume={50},
  number={7},
  pages={969--978},
  year={2009},
  publisher={Elsevier}
}

@article{wang2017survey,
  title={A survey on learning to hash},
  author={Wang, Jingdong and Zhang, Ting and Sebe, Nicu and Shen, Heng Tao and others},
  journal={IEEE transactions on pattern analysis and machine intelligence},
  volume={40},
  number={4},
  pages={769--790},
  year={2017},
  publisher={IEEE}
}

@article{luo2020survey,
  title={A survey on deep hashing methods},
  author={Luo, Xiao and Wang, Haixin and Wu, Daqing and Chen, Chong and Deng, Minghua and Huang, Jianqiang and Hua, Xian-Sheng},
  journal={ACM Transactions on Knowledge Discovery from Data (TKDD)},
  year={2020},
  publisher={ACM New York, NY}
}

@article{chi2017hashing,
  title={Hashing techniques: A survey and taxonomy},
  author={Chi, Lianhua and Zhu, Xingquan},
  journal={ACM Computing Surveys (CSUR)},
  volume={50},
  number={1},
  pages={1--36},
  year={2017},
  publisher={ACM New York, NY, USA}
}

@inproceedings{andoni2014beyond,
  title={Beyond locality-sensitive hashing},
  author={Andoni, Alexandr and Indyk, Piotr and Nguyá»…n, Huy L and Razenshteyn, Ilya},
  booktitle={Proceedings of the twenty-fifth annual ACM-SIAM symposium on Discrete algorithms},
  pages={1018--1028},
  year={2014},
  organization={SIAM}
}

@article{andoni2015practical,
  title={Practical and optimal LSH for angular distance},
  author={Andoni, Alexandr and Indyk, Piotr and Laarhoven, Thijs and Razenshteyn, Ilya and Schmidt, Ludwig},
  journal={Advances in neural information processing systems},
  volume={28},
  year={2015}
}

@misc{evaluation_measures_information_retrieval,
   author = "Wikipedia",
   title = "{Evaluation measures (information retrieval)} --- {W}ikipedia{,} The Free Encyclopedia",
   year = "2022",
   howpublished = {\url{http://en.wikipedia.org/w/index.php?title=Evaluation\%20measures\%20(information\%20retrieval)}}
 }
 
 @book{manning2008introduction,
  title={Introduction to information retrieval},
  author={Manning, Christopher D},
  year={2008},
  publisher={Syngress Publishing,}
}

%======================================================
@book{hastie2009elements,
  title={The elements of statistical learning: data mining, inference, and prediction},
  author={Hastie, Trevor and Tibshirani, Robert and Friedman, Jerome H and Friedman, Jerome H},
  volume={2},
  year={2009},
  publisher={Springer}
}

@inproceedings{chen2016xgboost,
  title={Xgboost: A scalable tree boosting system},
  author={Chen, Tianqi and Guestrin, Carlos},
  booktitle={Proceedings of the 22nd acm sigkdd international conference on knowledge discovery and data mining},
  pages={785--794},
  year={2016}
}

