@book{scholkopf2001learning,
  title={Learning with kernels: support vector machines, regularization, optimization, and beyond},
  author={Scholkopf, Bernhard and Smola, Alexander J},
  year={2001},
  publisher={MIT press}
}

@article{aronszajn1950theory,
  title={Theory of reproducing kernels},
  author={Aronszajn, Nachman},
  journal={Transactions of the American mathematical society},
  pages={337--404},
  year={1950},
  publisher={JSTOR}
}

@book{kreyszig1989introductory,
  title={Introductory functional analysis with applications},
  author={Kreyszig, Erwin},
  volume={81},
  year={1989},
  publisher={wiley New York}
}

@book{hofmann2008kernel,
  title={Kernel methods in machine learning},
  author={Hofmann, Thomas and Sch{\"o}lkopf, Bernhard and Smola, Alexander J},
  journal={The annals of statistics},
  pages={1171--1220},
  year={2008},
  publisher={JSTOR}
}

@article{ramm1998theory,
  title={On the theory of reproducing kernel Hilbert spaces},
  author={Ramm, AG},
  journal={Journal of Inverse and Ill posed problems},
  volume={6},
  pages={515--520},
  year={1998},
  publisher={VSP}
}


%=========================================================
@book{rasmussen2006gaussian,
 author = {Rasmussen, Carl Edward and Williams, Christopher K. I.},
 title = {Gaussian Processes for Machine Learning (Adaptive Computation and Machine Learning)},
 year = {2005},
 isbn = {026218253X},
 publisher = {The MIT Press},
}

@book{grafakos2008classical,
  title={Classical fourier analysis},
  author={Grafakos, Loukas},
  volume={2},
  year={2008},
  publisher={Springer}
}

@book{lifshits2013gaussian,
  title={Gaussian random functions},
  author={Lifshits, Mikhail Antolevich},
  volume={322},
  year={2013},
  publisher={Springer Science \& Business Media}
}

@incollection{lifshits2012lectures,
  title={Lectures on Gaussian processes},
  author={Lifshits, Mikhail},
  booktitle={Lectures on Gaussian Processes},
  pages={1--117},
  year={2012},
  publisher={Springer}
}
%======================================================
@article{shapiro2003monte,
  title={Monte Carlo sampling methods},
  author={Shapiro, Alexander},
  journal={Handbooks in operations research and management science},
  volume={10},
  pages={353--425},
  year={2003},
  publisher={Elsevier}
}

@book{robert1999monte,
  title={Monte Carlo statistical methods},
  author={Robert, Christian P and Casella, George},
  volume={2},
  year={1999},
  publisher={Springer}
}

@book{liu2001monte,
  title={Monte Carlo strategies in scientific computing},
  author={Liu, Jun S},
  volume={10},
  year={2001},
  publisher={Springer}
}

@book{brooks2011handbook,
  title={Handbook of markov chain monte carlo},
  author={Brooks, Steve and Gelman, Andrew and Jones, Galin and Meng, Xiao-Li},
  year={2011},
  publisher={CRC press}
}


@book{ross2014introduction,
  title={Introduction to probability models},
  author={Ross, Sheldon M},
  year={2014},
  publisher={Academic press}
}

@book{karlin2014first,
  title={A first course in stochastic processes},
  author={Karlin, Samuel},
  year={2014},
  publisher={Academic press}
}

%======================================================
@book{wellner2013weak,
  title={Weak convergence and empirical processes: with applications to statistics},
  author={Wellner, Jon and others},
  year={2013},
  publisher={Springer Science \& Business Media}
}

@book{boucheron2013concentration,
  title={Concentration inequalities: A nonasymptotic theory of independence},
  author={Boucheron, St{\'e}phane and Lugosi, G{\'a}bor and Massart, Pascal},
  year={2013},
  publisher={Oxford university press}
}

@book{wainwright2019high,
  title={High-dimensional statistics: A non-asymptotic viewpoint},
  author={Wainwright, Martin J},
  volume={48},
  year={2019},
  publisher={Cambridge University Press}
}

@book{gine2021mathematical,
  title={Mathematical foundations of infinite-dimensional statistical models},
  author={Gin{\'e}, Evarist and Nickl, Richard},
  year={2021},
  publisher={Cambridge university press}
}

@book{van2000asymptotic,
  title={Asymptotic statistics},
  author={Van der Vaart, Aad W},
  volume={3},
  year={2000},
  publisher={Cambridge university press}
}


@book{vershynin2018high,
  title={High-dimensional probability: An introduction with applications in data science},
  author={Vershynin, Roman},
  volume={47},
  year={2018},
  publisher={Cambridge university press}
}

%======================================================
@book{gel2014generalized,
  title={Generalized functions: Applications of harmonic analysis},
  author={Gel'fand, Izrail Moiseevich and Vilenkin, N Ya},
  volume={4},
  year={2014},
  publisher={Academic press}
}

@book{munkres2000topology,
  title={Topology, 2nd},
  author={Munkres, James R},
  year={2000},
  publisher={Prentice Hall}
}

@book{resnick2013probability,
  title={A probability path},
  author={Resnick, Sidney I},
  year={2013},
  publisher={Springer Science \& Business Media}
}

@book{billingsley2008probability,
  title={Probability and measure},
  author={Billingsley, Patrick},
  year={2008},
  publisher={John Wiley \& Sons}
}

@book{ghosh2003bayesian,
  title={Bayesian nonparametrics},
  author={Ghosh, Jayanta K and Ramamoorthi, RV},
  year={2003},
  publisher={Springer Science \& Business Media}
}


@book{tao2011introduction,
  title={An introduction to measure theory},
  author={Tao, Terence},
  volume={126},
  year={2011},
  publisher={American Mathematical Soc.}
}

@book{folland2013real,
  title={Real analysis: modern techniques and their applications},
  author={Folland, Gerald B},
  year={2013},
  publisher={John Wiley \& Sons}
}

@book{rudin1987real,
  title={Real and complex analysis},
  author={Rudin, Walter},
  year={1987},
  publisher={Tata McGraw-Hill Education}
}

@book{royden1988real,
  title={Real analysis},
  author={Royden, Halsey Lawrence and Fitzpatrick, Patrick},
  volume={198},
  number={8},
  year={1988},
  publisher={Prentice Hall, Macmillan New York}
}

@book{stein2009real,
  title={Real analysis: measure theory, integration, and Hilbert spaces},
  author={Stein, Elias M and Shakarchi, Rami},
  year={2009},
  publisher={Princeton University Press}
}

@book{bartle2014elements,
  title={The elements of integration and Lebesgue measure},
  author={Bartle, Robert G},
  year={2014},
  publisher={John Wiley \& Sons}
}


@book{reed1980methods,
  title={Methods of modern mathematical physics: Functional analysis},
  author={Reed, Michael and Simon, Barry},
  volume={1},
  year={1980},
  publisher={Gulf Professional Publishing}
}


@book{devroye2013probabilistic,
  title={A probabilistic theory of pattern recognition},
  author={Devroye, Luc and Gy{\"o}rfi, L{\'a}szl{\'o} and Lugosi, G{\'a}bor},
  volume={31},
  year={2013},
  publisher={Springer Science \& Business Media}
}

@book{mohri2012foundations,
  title={Foundations of machine learning},
  author={Mohri, Mehryar and Rostamizadeh, Afshin and Talwalkar, Ameet},
  year={2012},
  publisher={MIT press}
}

@book{van2000asymptotic,
  title={Asymptotic statistics},
  author={Van der Vaart, Aad W},
  volume={3},
  year={2000},
  publisher={Cambridge university press}
}

@book{lehmann1998theory,
  title={Theory of point estimation},
  author={Lehmann, Erich Leo and Casella, George},
  volume={31},
  year={1998},
  publisher={Springer Science \& Business Media}
}

@book{koller2009probabilistic,
  title={Probabilistic graphical models: principles and techniques},
  author={Koller, Daphne and Friedman, Nir},
  year={2009},
  publisher={MIT press}
}

@book{murphy2012machine,
  title={Machine learning: a probabilistic perspective},
  author={Murphy, Kevin P},
  year={2012},
  publisher={MIT press}
}

@book{berger2013statistical,
  title={Statistical decision theory and Bayesian analysis},
  author={Berger, James O},
  year={2013},
  publisher={Springer Science \& Business Media}
}

@book{schaefer1999locally,
  title={Locally Convex Topological Vector Spaces},
  author={Schaefer, Helmut H and Wolff, Manfred P},
  year={1999},
  publisher={Springer}
}

@book{taylor1958introduction,
  title={Introduction to functional analysis},
  author={Taylor, Angus Ellis and Lay, David C},
  volume={2},
  year={1958},
  publisher={Wiley New York}
}


